<?xml version="1.0" encoding="UTF-8"?><collection><record><leader>06915ntm a2200601 a 4500</leader><controlfield tag="001">006818591</controlfield><controlfield tag="003">MiAaHDL</controlfield><controlfield tag="005">20190719000000.0</controlfield><controlfield tag="006">m        d        </controlfield><controlfield tag="007">cr bn ---auaua</controlfield><controlfield tag="008">090615s1761    xx            00| ||ota d</controlfield><datafield tag="035" ind1=" " ind2=" "><subfield code="a">(MiU)006818591</subfield></datafield><datafield tag="035" ind1=" " ind2=" "><subfield code="a">sdr-miu006818591</subfield></datafield><datafield tag="040" ind1=" " ind2=" "><subfield code="a">MiU</subfield><subfield code="c">MiU</subfield><subfield code="e">amremm</subfield></datafield><datafield tag="041" ind1="0" ind2=" "><subfield code="a">ota</subfield><subfield code="a">per</subfield></datafield><datafield tag="043" ind1=" " ind2=" "><subfield code="a">n-us-mi</subfield></datafield><datafield tag="100" ind1="1" ind2=" "><subfield code="6">880-01</subfield><subfield code="a">Quddūsī, ‘Abd al-Raḥmān ibn ‘Abd Allah,</subfield><subfield code="d">d. 1669 or 70.</subfield></datafield><datafield tag="245" ind1="1" ind2="0"><subfield code="6">880-03</subfield><subfield code="a">Tuhfetüʼl-mülûk,</subfield><subfield code="f">[1174, i.e. 1761].</subfield></datafield><datafield tag="246" ind1="3" ind2=" "><subfield code="i">Title from inscription on (p.1):</subfield><subfield code="a">كتاب تحفة الملوك في الصرف</subfield></datafield><datafield tag="246" ind1="3" ind2=" "><subfield code="i">Title from inscription on interior of upper cover:</subfield><subfield code="a">تحفة الملوك</subfield></datafield><datafield tag="246" ind1="3" ind2="4"><subfield code="a">تحفة الملوك</subfield></datafield><datafield tag="246" ind1="3" ind2=" "><subfield code="i">Edge title (tail):</subfield><subfield code="a">تحفة الملوك</subfield></datafield><datafield tag="260" ind1=" " ind2=" "><subfield code="c">[1761].</subfield></datafield><datafield tag="300" ind1=" " ind2=" "><subfield code="a">162 leaves :</subfield><subfield code="b">paper ;</subfield><subfield code="c">210 x 170 (153 x 90) mm.</subfield></datafield><datafield tag="500" ind1=" " ind2=" "><subfield code="a">Shelfmark: Ann Arbor, University of Michigan, Special Collections Library, Isl. Ms. 676</subfield></datafield><datafield tag="500" ind1=" " ind2=" "><subfield code="a">Origin: As appears in colophon on pp.313-14, composition of the work completed in the first part of Jumādá I 1063 [March-April 1653] with transcription of this copy completed 17 Shaʻbān 1174 [ca. 24 March 1761].</subfield></datafield><datafield tag="500" ind1=" " ind2=" "><subfield code="a">Accompanying materials: a. Inventory cataloguing slip in hand of Winifred Smeaton Thomas. -- b. Acquisitions slip from Yahuda.</subfield></datafield><datafield tag="500" ind1=" " ind2=" "><subfield code="a">Former shelfmark: From interior of upper cover and label on lower cover, "IL 44" (likely supplied by Yahuda, see acquisitions slip).</subfield></datafield><datafield tag="500" ind1=" " ind2=" "><subfield code="a">Binding: Pasteboards covered in block-printed paper (swirling vegetal design, somewhat reminiscent of marbling, in black and pink on a blue ground) with red leather over spine and fore edge flap ; Type II binding (with flap) ; board linings in untinted laid paper ; sewn in cream thread, two stations ; worked endbands in dark brown and cream, damaged and nearly detached with threads undone and cores exposed ; overall in fair conditon with minor abrasion, lifting of spine leather, staining, etc.</subfield></datafield><datafield tag="500" ind1=" " ind2=" "><subfield code="a">Support: European laid paper with 10 laid lines per cm. (vertical), chain lines spaced 24 mm. apart (horizontal), and watermarks of names (see p.214, 215, etc.) and lion (or other four-legged beast / quadruped, see p.312, 317, etc.), sturdy and well-burnished.</subfield></datafield><datafield tag="500" ind1=" " ind2=" "><subfield code="a">Decoration: Illuminated headpiece at opening on p.6 consisting of a scalloped semi-circular piece (dome) with swirling floral vegetal decoration in lavender, red, green, etc. on a field of gold and surmounted by vertical stalks (tīgh) in blue and red ; keywords, words being elucidated (as notabilia in margins), and abbreviation symbols rubricated ; overlining in red ; written area of incipit and facing page surrounded by heavy gold frame, elsewhere written area surrounded by red rule-border ; textual dividers in the form of red discs.</subfield></datafield><datafield tag="500" ind1=" " ind2=" "><subfield code="a">Script: Nastaʻlīq (talik) ; an elegant Turkish hand, serifless, with dramatic tilt to the right, elongation of horizontal strokes, and mainly closed counters, though adhering fairly closely to the baseline.</subfield></datafield><datafield tag="500" ind1=" " ind2=" "><subfield code="a">Layout: Written in 23 lines per page ; frame-ruled.</subfield></datafield><datafield tag="500" ind1=" " ind2=" "><subfield code="a">Collation: I (2), 16 V(162) ; almost exclusively quinions ; final five leaves originally left blank, now carry excerpts in a large bold hand ; catchwords present ; foliation in black ink, Hindu-Arabic numerals ; pagination in pencil, Western numerals, supplied during digitization.</subfield></datafield><datafield tag="500" ind1=" " ind2=" "><subfield code="a">Colophon: "Authorial" then "scribal," reads "وقع الفراغ من الجمع والتأليف سنة ثلاث وستين والف هجرة من له العز والشرف في اوائل شهر جمادى الاولى يسرنا الله ما هو اخرى واولى ونسأل الله تعالى التسديد والتأبيد وان يجعله خالصا لوجه ... والاولياء العظام والمشايخ الفخام ارباب التجريد رب احشنا معهم تحت لوائهم يا مجيد والحمد لله على الاتمام بعون الله الملك العلام في ١٧ شعبان المعظم سنة ١١٧٤"</subfield></datafield><datafield tag="500" ind1=" " ind2=" "><subfield code="a">Explicit: "دولت كونين اكا معطوف اوله فاعلاتن فاعلاتن فاعلات وزن بودر چون رمل محذوف اوله بحمد الله تعالى بو كتاب تحفة الملوك تمام وبو علم فاخرى تأليف وتصنيف اولنان ... ان ذاك القديم كان عديدا وسيبقى هذا الجديد قديما"</subfield></datafield><datafield tag="500" ind1=" " ind2=" "><subfield code="a">Incipit: "سپاس بى قياس وشكر بى مقياس اول خداى خالق جن وانسه اولسونكه ..."</subfield></datafield><datafield tag="500" ind1=" " ind2=" "><subfield code="a">Title from opening matter on p.8.</subfield></datafield><datafield tag="500" ind1=" " ind2=" "><subfield code="a">Ms. codex.</subfield></datafield><datafield tag="510" ind1="4" ind2=" "><subfield code="a">Brit. Mus. Cat. Turkish MSS.,</subfield><subfield code="c">pp.139-141</subfield></datafield><datafield tag="520" ind1="8" ind2=" "><subfield code="a">Fine copy of a commentary on the well-known versified Persian-Turkish vocabulary of Şâhidî İbrahim Dede of Muğla (d.1550), Tuhfe-yi Şâhidî [or Tuhfe-i Şâhidî]. Contents listing on opening added leaf (p.2). Excerpts at close (from p.315) address Fawāʼiḥ al-jamāl wa-fawātiḥ al-jalāl (here Fawātiḥ al-jamāl / فواتح الجمال) of al-Shaykh Najm al-Dīn al-Kubrá (d.1221).</subfield></datafield><datafield tag="538" ind1=" " ind2=" "><subfield code="a">Mode of access: Internet.</subfield></datafield><datafield tag="541" ind1=" " ind2=" "><subfield code="a">Acquired in 1926 from the bookseller Isaac Benjamin S.E. Yahuda via purchase transacted on his behalf by Abraham Shalom Yahuda (1877-1951), his younger brother.</subfield></datafield><datafield tag="546" ind1=" " ind2=" "><subfield code="a">Ottoman Turkish and Persian.</subfield></datafield><datafield tag="561" ind1=" " ind2=" "><subfield code="a">Numerous former owners' marks on recto of opening added leaf (p.1) including statement in name of one Hüseyin "من اللهم مالك الملك من كتب العبد الفقير اليه عز شانه حسين القاضي بمدينه اينك [؟] ... غفر له" accompanied by an oval seal impression, another larger oval seal impression (repeated twice) which appears to be dated 1172 [1758 or 9], etc. ; numerous prayers, ḥadīth excerpts, invocations, etc. in Arabic and Ottoman Turkish on added leaves at opening and close of text and 'title page' including kabīkaj invocation "يا كبيكج" (p.1) and seal of Solomon inscription (with greatest name of God / al-Ism al-Aʻẓam) (p.4) ; words being elucidated are repeated in margins as notabilia (side-heads) ; occasional glosses and marginal corrections.</subfield></datafield><datafield tag="600" ind1="0" ind2="0"><subfield code="a">Şahidî İbrahim Dede,</subfield><subfield code="d">1470-1550.</subfield><subfield code="t">Tuhfe-yi Şâhidî.</subfield></datafield><datafield tag="650" ind1=" " ind2="0"><subfield code="a">Manuscripts, Persian</subfield><subfield code="z">Michigan</subfield><subfield code="z">Ann Arbor.</subfield></datafield><datafield tag="650" ind1=" " ind2="0"><subfield code="a">Manuscripts, Turkish</subfield><subfield code="z">Michigan</subfield><subfield code="z">Ann Arbor.</subfield></datafield><datafield tag="650" ind1=" " ind2="0"><subfield code="a">Persian language</subfield><subfield code="v">Dictionaries</subfield><subfield code="x">Turkish</subfield><subfield code="v">Early works to 1800.</subfield></datafield><datafield tag="655" ind1=" " ind2="7"><subfield code="a">Headpieces (layout features)</subfield><subfield code="y">18th century.</subfield><subfield code="2">aat</subfield></datafield><datafield tag="773" ind1="0" ind2=" "><subfield code="a">Yahuda Collection.</subfield></datafield><datafield tag="880" ind1="1" ind2="0"><subfield code="6">245-03/</subfield><subfield code="a">تحفة الملوك,</subfield><subfield code="f">[1174ه، 1761م].</subfield></datafield><datafield tag="880" ind1="1" ind2=" "><subfield code="6">100-01/</subfield><subfield code="a">قدوسي، عبد الرحمن بن عبد الله.</subfield></datafield><datafield tag="CID" ind1=" " ind2=" "><subfield code="a">006818591</subfield></datafield><datafield tag="DAT" ind1="0" ind2=" "><subfield code="a">20190719102639.0</subfield><subfield code="b">20190719000000.0</subfield></datafield><datafield tag="DAT" ind1="1" ind2=" "><subfield code="a">20190719090653.0</subfield><subfield code="b">2019-07-19T16:10:55Z</subfield></datafield><datafield tag="DAT" ind1="2" ind2=" "><subfield code="a">2015-10-02T18:00:03Z</subfield></datafield><datafield tag="CAT" ind1=" " ind2=" "><subfield code="a">SDR-MIU</subfield><subfield code="d">EX LIBRIS - ALEPH</subfield><subfield code="l">prepare.pl-004-008</subfield></datafield><datafield tag="FMT" ind1=" " ind2=" "><subfield code="a">BK</subfield></datafield><datafield tag="HOL" ind1=" " ind2=" "><subfield code="0">sdr-miu006818591</subfield><subfield code="a">MiU</subfield><subfield code="b">SDR</subfield><subfield code="c">MIU</subfield><subfield code="p">mdp.39015079129923</subfield><subfield code="s">MIU</subfield><subfield code="1">006818591</subfield></datafield><datafield tag="974" ind1=" " ind2=" "><subfield code="b">MIU</subfield><subfield code="c">MIU</subfield><subfield code="d">20190719</subfield><subfield code="s">lit-dlps-dc</subfield><subfield code="u">mdp.39015079129923</subfield><subfield code="y">1761</subfield><subfield code="r">pd</subfield><subfield code="q">bib</subfield><subfield code="t">non-US bib date1 &lt; 1879</subfield></datafield></record></collection>